@article{Sloutsky2010,
author = {Sloutsky, Vladimir M},
doi = {10.1111/j.1551-6709.2010.01129.x},
journal = {Cognitive Science},
number = {7},
pages = {1244--1286},
title = {{From Perceptual Categories to Concepts: What Develops?}},
volume = {34},
year = {2010}
}
@article{Tomblin1996,
author = {Tomblin, J. Bruce and Records, Nancy L. and Zhang, Xuyang},
doi = {10.1044/jshr.3906.1284},
journal = {Journal of Speech Language and Hearing Research},
number = {6},
pages = {1284--1294},
title = {{A System for the Diagnosis of Specific Language Impairment in Kindergarten Children}},
volume = {39},
year = {1996}
}
@article{Catts2006,
author = {Catts, Hugh W and Adlof, Suzanne M and Weismer, Susan Ellis},
doi = {10.1044/1092-4388(2006/023)},
journal = {Journal of Speech, Language, and Hearing Research},
number = {2},
pages = {278--293},
title = {{Language deficits in poor comprehenders: a case for the simple view of reading.}},
volume = {49},
year = {2006}
}
@book{Torgesen1992,
address = {Austin, TX},
author = {Torgesen, J K and Wagner, R and Rashotte, C},
publisher = {Pro-Ed},
title = {{TOWRE-2: test of word reading efficiency}},
year = {1992}
}
@book{Woodcock2001,
address = {Rolling Meadows, IL},
author = {Woodcock, R W and McGrew, K S and Mather, N and Schrank, F},
publisher = {Riverside Publishing},
title = {{Woodcock-Johnson III NU tests of achievement}},
year = {2001}
}
@book{Kaufman2004,
author = {Kaufman, A S and Kaufman, N L},
publisher = {American Guidance Service},
title = {{Kaufman test of educational achievement - comprehensive form.}},
year = {2004}
}
@book{Brown1981,
address = {Chicago, IL},
author = {Brown, J I and Bennett, J M and Hanna, G},
publisher = {Riverside Publishing},
title = {{The Nelson-Denny Reading Test}},
year = {1981}
}
@article{Boudewyn2015,
author = {Boudewyn, Megan A. and Long, Debra L. and Traxler, Matthew J. and Lesh, Tyler A. and Dave, Shruti and Mangun, George R. and Carter, Cameron S. and Swaab, Tamara Y.},
journal = {Journal of Cognitive Neuroscience},
mendeley-groups = {Dissertation},
number = {12},
pages = {2309--2323},
title = {{Sensitivity to Referential Ambiguity in Discourse: The Role of Attention, Working Memory, and Verbal Ability}},
volume = {27},
year = {2015}
}
@article{Stafura2014,
author = {Stafura, Joseph Z. and Perfetti, Charles A.},
doi = {10.1016/j.neuropsychologia.2014.09.012},
journal = {Neuropsychologia},
keywords = {erps,integration,lexical association,text comprehension,word meaning},
number = {11},
pages = {41--53},
title = {{Word-to-text integration: Message level and lexical level influences in ERPs}},
volume = {64},
year = {2014}
}
@book{Semel2006,
author = {Semel, E M and Wiig, E H and Secord, W},
publisher = {Pearson: Psychological Corporation},
title = {{CELF 4: clinical evaluation of language fundamentals}},
year = {2006}
}
@book{Raven1998,
address = {Oxford},
author = {Raven, J C},
publisher = {Oxford Psychologists Press},
title = {{Raven's progressive matrices}},
year = {1998}
}
@article{Kloos2008,
author = {Kloos, Heidi and Sloutsky, Vladimir M},
doi = {10.1037/0096-3445.137.1.52},
journal = {Journal of Experimental Psychology: General},
number = {1},
pages = {52--72},
title = {{What's behind different kinds of kinds: effects of statistical density on learning and representation of categories.}},
volume = {137},
year = {2008}
}
@article{Peirce2007,
author = {Peirce, Jonathan W.},
doi = {10.1016/j.jneumeth.2006.11.017},
journal = {Journal of Neuroscience Methods},
number = {1-2},
pages = {8--13},
pmid = {17254636},
publisher = {Elsevier B.V.},
title = {{PsychoPy—Psychophysics software in Python}},
volume = {162},
year = {2007}
}
@book{schneider2002prime,
  title={E-Prime: User's guide},
  author={Schneider, Walter and Eschman, Amy and Zuccolotto, Anthony},
  year={2002},
  publisher={Psychology Software Incorporated}
}
@book{macmillan2004,
  title={Detection theory: A user's guide},
  author={Macmillan, Neil A and Creelman, C Douglas},
  year={2004},
  publisher={Psychology press}
}
@article{Hautus1995,
author = {Hautus, Michael J.},
doi = {10.3758/BF03203619},
journal = {Behavior Research Methods, Instruments, {\&} Computers},
number = {1},
pages = {46--51},
title = {{Corrections for extreme proportions and their biasing effects on estimated values of d'}},
volume = {27},
year = {1995}
}
@Manual{neuropsych,
    title = {Package '{neuropsychology}': An R Toolbox for Psychologists, Neuropsychologists and Neuroscientists},
    author = {Dominique Makowski},
    year = {2016},
    note = {0.5.0},
    url = {https://github.com/neuropsychology/neuropsychology.R},
  }
@incollection{Lupyan2012,
author = {Lupyan, Gary},
booktitle = {Psychology of Learning and Motivation - Advances in Research and Theory},
chapter = {7},
doi = {10.1016/B978-0-12-394293-7.00007-8},
editor = {Ross, Brian},
pages = {255--297},
publisher = {Academic Press},
title = {{What Do Words Do? Toward a Theory of Language-Augmented Thought}},
volume = {57},
year = {2012}
}
@article{Ashby1998,
author = {Ashby, F Gregory and Alfonso-Reese, Leola A and Turken, U and Waldron, Elliott M},
doi = {10.1037/0033-295X.105.3.442},
journal = {Psychological Review},
number = {3},
pages = {442--481},
title = {{A neuropsychological theory of multiple systems in category learning.}},
volume = {105},
year = {1998}
}
@incollection{Minda2010,
address = {Burlington},
author = {Minda, John Paul and Miles, Sarah J},
booktitle = {The psychology of learning and motivation},
chapter = {3},
doi = {10.1016/S0079-7421(10)52003-6},
editor = {Ross, Brian H},
pages = {117--162},
publisher = {Academic Press},
title = {{The influence of verbal and nonverbal processing on category learning}},
volume = {52},
year = {2010}
}
@article{Ashby2005,
author = {Ashby, F Gregory and Maddox, W Todd},
doi = {10.1146/annurev.psych.56.091103.070217},
journal = {Annual Review of Psychology},
number = {1},
pages = {149--178},
title = {{Human Category Learning}},
volume = {56},
year = {2005}
}

@article{Ashby2011,
author = {Ashby, F Gregory and Maddox, W Todd},
doi = {10.1111/j.1749-6632.2010.05874.x},
journal = {Annals of the New York Academy of Sciences},
number = {1},
pages = {147--161},
title = {{Human category learning 2.0}},
volume = {1224},
year = {2011}
}
@article{Robinson1980,
author = {Robinson, Amy L and Heaton, Robert K and Lehman, Ralph A. and Stilson, Donald W},
doi = {10.1037//0022-006X.48.5.605},
journal = {Journal of Consulting and Clinical Psychology},
number = {5},
pages = {605--614},
title = {{The utility of the Wisconsin Card Sorting Test in detecting and localizing frontal lobe lesions.}},
volume = {48},
year = {1980}
}
@article{Ashby2003b,
author = {Ashby, F. Gregory and Noble, Sharon and Filoteo, J. Vincent and Waldron, Elliott M. and Ell, Shawn W.},
doi = {10.1037/0894-4105.17.1.115},
journal = {Neuropsychology},
number = {1},
pages = {115--124},
title = {{Category learning deficits in Parkinson's disease.}},
volume = {17},
year = {2003}
}
@article{Nomura2007,
author = {Nomura, E. M. and Maddox, W. T. and Filoteo, J. V. and Ing, A. D. and Gitelman, D. R. and Parrish, T. B. and Mesulam, M. M. and Reber, P. J.},
doi = {10.1093/cercor/bhj122},
journal = {Cerebral Cortex},
number = {1},
pages = {37--43},
title = {{Neural correlates of rule-based and information-integration visual category learning}},
volume = {17},
year = {2007}
}
@article{Carpenter2016,
author = {Carpenter, Kathryn L. and Wills, Andy J. and Benattayallah, Abdelmalek and Milton, Fraser},
doi = {10.1002/hbm.23259},
journal = {Human Brain Mapping},
number = {10},
pages = {3557--3574},
title = {{A Comparison of the neural correlates that underlie rule-based and information-integration category learning}},
volume = {37},
year = {2016}
}
@article{Waldschmidt2011,
author = {Waldschmidt, Jennifer G. and Ashby, F Gregory},
doi = {10.1016/j.neuroimage.2011.02.011},
journal = {NeuroImage},
number = {3},
pages = {1791--1802},
title = {{Cortical and striatal contributions to automaticity in information-integration categorization}},
volume = {56},
year = {2011}
}
@article{Soto2013,
author = {Soto, Fabian A. and Waldschmidt, Jennifer G. and Helie, Sebastien and Ashby, F Gregory},
doi = {10.1016/j.neuroimage.2013.01.008},
journal = {NeuroImage},
pages = {284--297},
title = {{Brain activity across the development of automatic categorization: A comparison of categorization tasks using multi-voxel pattern analysis}},
volume = {71},
year = {2013}
}
@article{Chandrasekaran2014,
author = {Chandrasekaran, Bharath and Yi, Han-Gyol and Maddox, W Todd},
doi = {10.3758/s13423-013-0501-5},
journal = {Psychonomic bulletin {\&} review},
number = {2},
pages = {488--95},
title = {{Dual-learning systems during speech category learning.}},
volume = {21},
year = {2014}
}
@article{Chandrasekaran2016,
author = {Chandrasekaran, Bharath and Yi, Han-Gyol and Smayda, Kirsten E and Maddox, W Todd},
doi = {10.3758/s13414-015-0999-x},
journal = {Attention, Perception, {\&} Psychophysics},
number = {2},
pages = {566--582},
title = {{Effect of explicit dimensional instruction on speech category learning}},
volume = {78},
year = {2016}
}
@article{Ashby2010,
author = {Ashby, F Gregory and Crossley, Matthew J},
doi = {10.1016/j.nlm.2010.03.001},
journal = {Neurobiology of Learning and Memory},
number = {1},
pages = {1--12},
title = {{Interactions between declarative and procedural-learning categorization systems}},
volume = {94},
year = {2010}
}
@article{Erickson2008,
author = {Erickson, M A},
doi = {10.3758/MC.36.4.749},
journal = {Memory {\&} Cognition},
number = {4},
pages = {749--761},
title = {{Executive attention and task switching in category learning: Evidence for stimulus-dependent representation}},
volume = {36},
year = {2008}
}
@article{Foerde2006,
author = {Foerde, K. and Knowlton, B. J. and Poldrack, R. A.},
doi = {10.1073/pnas.0602659103},
journal = {Proceedings of the National Academy of Sciences},
number = {31},
pages = {11778--11783},
title = {{Modulation of competing memory systems by distraction}},
volume = {103},
year = {2006}
}
@article{Packard1996,
author = {Packard, Mark G. and McGaugh, James L.},
doi = {10.1006/nlme.1996.0007},
journal = {Neurobiology of Learning and Memory},
number = {1},
pages = {65--72},
title = {{Inactivation of Hippocampus or Caudate Nucleus with Lidocaine Differentially Affects Expression of Place and Response Learning}},
volume = {65},
year = {1996}
}
@article{Turner2017,
author = {Turner, Benjamin O. and Crossley, Matthew J. and Ashby, F Gregory},
doi = {10.1016/j.neuroimage.2017.02.039},
journal = {NeuroImage},
pages = {150--161},
title = {{Hierarchical control of procedural and declarative category-learning systems}},
volume = {150},
year = {2017}
}
@article{Lupyan2013,
author = {Lupyan, Gary and Mirman, Daniel},
doi = {10.1016/j.cortex.2012.06.006},
journal = {Cortex},
number = {5},
pages = {1187--1194},
title = {{Linking language and categorization: Evidence from aphasia}},
volume = {49},
year = {2013}
}
@article{Lupyan2009,
author = {Lupyan, Gary},
doi = {10.3758/PBR.16.5.986},
journal = {Psychonomic bulletin {\&} review},
number = {4},
pages = {711--718},
title = {{Extracommunicative functions of language: verbal interference causes selective categorization impairments.}},
volume = {16},
year = {2009}
}
@article{Lupyan2012b,
author = {Lupyan, Gary and Mirman, Daniel and Hamilton, Roy and Thompson-Schill, Sharon L.},
doi = {10.1016/j.cognition.2012.04.002},
journal = {Cognition},
number = {1},
pages = {36--49},
title = {{Categorization is modulated by transcranial direct current stimulation over left prefrontal cortex}},
volume = {124},
year = {2012}
}
@article{Perry2014,
author = {Perry, Lynn K. and Lupyan, Gary},
doi = {10.1016/j.bandl.2014.05.005},
journal = {Brain and Language},
pages = {66--72},
title = {{The role of language in multi-dimensional categorization: Evidence from transcranial direct current stimulation and exposure to verbal labels}},
volume = {135},
year = {2014}
}
@article{Perry2016,
author = {Perry, Lynn K. and Lupyan, Gary},
doi = {10.1080/23273798.2016.1154974},
journal = {Language, Cognition and Neuroscience},
pages = {1--19},
title = {{Recognising a zebra from its stripes and the stripes from “zebra”: the role of verbal labels in selecting category relevant information}},
volume = {3798},
year = {2016}
}
@article{Rodman1994,
author = {Rodman, Hillary R.},
doi = {10.1093/cercor/4.5.484},
journal = {Cerebral Cortex},
number = {5},
pages = {484--498},
title = {{Development of Inferior Temporal Cortex in the Monkey}},
volume = {4},
year = {1994}
}
@article{Segalowitz2004,
author = {Segalowitz, S. J. and Davies, Patricia L.},
doi = {10.1016/S0278-2626(03)00283-5},
journal = {Brain and Cognition},
number = {1},
pages = {116--133},
title = {{Charting the maturation of the frontal lobe: An electrophysiological strategy}},
volume = {55},
year = {2004}
}
@article{Lewis1997,
author = {Lewis, D},
doi = {10.1016/S0893-133X(96)00277-1},
journal = {Neuropsychopharmacology},
number = {6},
pages = {385--398},
title = {{Development of the Prefrontal Cortex during Adolescence: Insights into Vulnerable Neural Circuits in Schizophrenia}},
volume = {16},
year = {1997}
}
@article{Eshel2007,
author = {Eshel, Neir and Nelson, Eric E and Blair, R. James and Pine, Daniel S and Ernst, Monique},
doi = {10.1016/j.neuropsychologia.2006.10.004},
journal = {Neuropsychologia},
number = {6},
pages = {1270--1279},
title = {{Neural substrates of choice selection in adults and adolescents: Development of the ventrolateral prefrontal and anterior cingulate cortices}},
volume = {45},
year = {2007}
}
@article{Best2013,
author = {Best, Catherine A. and Yim, Hyungwook and Sloutsky, Vladimir M},
doi = {10.1016/j.jecp.2013.05.002},
journal = {Journal of Experimental Child Psychology},
number = {2},
pages = {105--119},
title = {{The cost of selective attention in category learning: Developmental differences between adults and infants}},
volume = {116},
year = {2013}
}
@article{Plebanek2017,
author = {Plebanek, Daniel J. and Sloutsky, Vladimir M.},
doi = {10.1177/0956797617693005},
journal = {Psychological Science},
number = {6},
pages = {723--732},
title = {{Costs of Selective Attention: When Children Notice What Adults Miss}},
volume = {28},
year = {2017}
}
@incollection{Baddeley1974,
author = {Baddeley, Alan and Hitch, Graham},
booktitle = {The Psychology of Learning and Motivation},
doi = {10.1016/S0079-7421(08)60452-1},
pages = {47--89},
title = {{Working Memory}},
volume = {8},
year = {1974}
}

@article{Minda2008,
author = {Minda, John Paul and Desroches, Amy S and Church, Barbara A},
doi = {10.1037/a0013355},
journal = {Journal of Experimental Psychology: Learning, Memory, and Cognition},
number = {6},
pages = {1518--1533},
title = {{Learning rule-described and non-rule-described categories: A comparison of children and adults.}},
volume = {34},
year = {2008}
}
@article{vygotsky1962language,
  title={Language and thought},
  author={Vygotsky, Lev Semenovich},
  journal={Massachusetts Institute of Technology Press, Ontario, Canada},
  year={1962}
}
@book{piaget1964early,
  title={The early growth of logic in the child: Classification and seriation},
  author={Piaget, Jean and Inhelder, B{\"a}rbel and Lunzer, Eric A},
  year={1964},
  publisher={Routledge \& Kegan Paul}
}
@article{Smiley1979,
author = {Smiley, Sandra S. and Brown, Ann L.},
doi = {10.1016/0022-0965(79)90087-0},
journal = {Journal of Experimental Child Psychology},
number = {2},
pages = {249--257},
title = {{Conceptual preference for thematic or taxonomic relations: A nonmonotonic age trend from preschool to old age}},
volume = {28},
year = {1979}
}
@article{Lin2001,
author = {Lin, Emilie L. and Murphy, Gregory L.},
doi = {10.1037/0096-3445.130.1.3},
journal = {Journal of Experimental Psychology: General},
number = {1},
pages = {3--28},
title = {{Thematic relations in adults' concepts.}},
volume = {130},
year = {2001}
}
@article{Markman1984,
author = {Markman, Ellen M. and Hutchinson, Jean E.},
doi = {10.1016/0010-0285(84)90002-1},
journal = {Cognitive Psychology},
number = {1},
pages = {1--27},
title = {{Children's sensitivity to constraints on word meaning: Taxonomic versus thematic relations}},
volume = {16},
year = {1984}
}
@article{Waxman1997,
author = {Waxman, Sandra R. and Namy, Laura L.},
doi = {10.1037/0012-1649.33.3.555},
journal = {Developmental Psychology},
number = {3},
pages = {555--567},
title = {{Challenging the notion of a thematic preference in young children.}},
volume = {33},
year = {1997}
}
@article{Blaye2001,
author = {Blaye, Agn{\'{e}}s and Bonthoux, Fran{\c{c}}oise},
doi = {10.1348/026151001166173},
journal = {British Journal of Developmental Psychology},
number = {3},
pages = {395--412},
title = {{Thematic and taxonomic relations in preschoolers: The development of flexibility in categorization choices}},
volume = {19},
year = {2001}
}
@article{Kalenine2009,
author = {Kal{\'{e}}nine, Sol{\'{e}}ne and Peyrin, Carole and Pichat, C{\'{e}}dric and Segebarth, Christoph and Bonthoux, Fran{\c{c}}oise and Baciu, Monica},
doi = {10.1016/j.neuroimage.2008.09.043},
journal = {NeuroImage},
number = {3},
pages = {1152--1162},
title = {{The sensory-motor specificity of taxonomic and thematic conceptual relations: A behavioral and fMRI study}},
volume = {44},
year = {2009}
}

@article{Maddox2003,
author = {Maddox, W. Todd and Ashby, F. Gregory and Bohil, Corey J.},
doi = {10.1037/0278-7393.29.4.650},
journal = {Journal of Experimental Psychology: Learning, Memory, and Cognition},
number = {4},
pages = {650--662},
title = {{Delayed feedback effects on rule-based and information-integration category learning.}},
volume = {29},
year = {2003}
}
@article{Konkle2010,
author = {Konkle, Talia and Brady, Timothy F and Alvarez, George A. and Oliva, Aude},
doi = {10.1037/a0019165},
journal = {Journal of Experimental Psychology: General},
number = {3},
pages = {558--578},
title = {{Conceptual distinctiveness supports detailed visual long-term memory for real-world objects.}},
volume = {139},
year = {2010}
}
@article{Murphy2001,
author = {Murphy, Gregory L},
doi = {10.3758/BF03196225},
journal = {Psychonomic Bulletin {\&} Review},
number = {4},
pages = {834--839},
title = {{Causes of taxonomic sorting by adults: A test of the thematic-to-taxonomic shift}},
volume = {8},
year = {2001}
}
@article{Landrigan2016,
author = {Landrigan, Jon-Frederick and Mirman, Daniel},
doi = {10.5334/jopd.24},
journal = {Journal of Open Psychology Data},
number = {1},
pages = {2},
title = {{Taxonomic and Thematic Relatedness Ratings for 659 Word Pairs}},
volume = {4},
year = {2016}
}
@techreport{Anderson2012,
author = {Anderson, Krista and Deane, Katrina and Lindley, Devon and Loucks, Benjamin and Veach, Emma},
booktitle = {Pebl Technical Report},
institution = {Michigan Technological University},
title = {{The effects of time of day and practice on cognitive abilities: The PEBL Tower of London, Trail-making, and Switcher tasks}},
year = {2012}
}
@article{Eriksen1979,
author = {Eriksen, Charles W and Schultz, Derek W},
doi = {10.3758/BF03198804},
journal = {Perception {\&} Psychophysics},
number = {4},
pages = {249--263},
title = {{Information processing in visual search: A continuous flow conception and experimental results}},
volume = {25},
year = {1979}
}
@article{Stins2007,
author = {Stins, John F. and Polderman, J. C. Tinca and Boomsma, Dorret I. and de Geus, Eco J. C.},
doi = {10.2478/v10053-008-0005-4},
journal = {Advances in Cognitive Psychology},
number = {3},
pages = {409--417},
title = {{Conditional accuracy in response interference tasks: Evidence from the Eriksen flanker task and the spatial conflict task}},
volume = {3},
year = {2007}
}

@article{Miyake2004,
author = {Miyake, Akira and Emerson, Michael J. and Padilla, Francisca and Ahn, Jeung-chan},
doi = {10.1016/j.actpsy.2003.12.004},
journal = {Acta Psychologica},
number = {2-3},
pages = {123--142},
title = {{Inner speech as a retrieval aid for task goals: the effects of cue type and articulatory suppression in the random task cuing paradigm}},
volume = {115},
year = {2004}
}

@article{Mueller2014,
author = {Mueller, Shane T. and Piper, Brian J.},
doi = {10.1016/j.jneumeth.2013.10.024},
journal = {Journal of Neuroscience Methods},
number = {1},
pages = {250--259},
title = {{The Psychology Experiment Building Language (PEBL) and PEBL Test Battery}},
volume = {222},
year = {2014}
}

@article{Shallice1982,
author = {Shallice, Timothy},
doi = {10.1098/rstb.1982.0082},
journal = {Philosophical Transactions of the Royal Society B: Biological Sciences},
number = {1089},
pages = {199--209},
title = {{Specific Impairments of Planning}},
volume = {298},
year = {1982}
}
@article{Gillette1999,
author = {Gillette, Jane and Gleitman, Henry and Gleitman, Lila and Lederer, Anne},
doi = {10.1016/S0010-0277(99)00036-0},
journal = {Cognition},
number = {2},
pages = {135--176},
title = {{Human simulations of vocabulary learning}},
volume = {73},
year = {1999}
}
@incollection{Snedeker2004,
address = {Cambridge, MA},
author = {Snedeker, Jesse and Gleitman, Lila},
booktitle = {Weaving a lexicon},
editor = {Hall, D. Geoffrey and Waxman, Sandra R},
pages = {257--294},
publisher = {MIT Press},
title = {{Why It Is Hard To Label Our Concepts}},
year = {2004}
}
@article{Waxman1995,
author = {Waxman, Sandra R and Markow, Dana B},
doi = {10.1006/cogp.1995.1016},
journal = {Cognitive Psychology},
number = {3},
pages = {257--302},
title = {{Words as Invitations to Form Categories: Evidence from 12- to 13-Month-Old Infants}},
volume = {29},
year = {1995}
}
@article{Althaus2014,
author = {Althaus, Nadja and Mareschal, Denis},
doi = {10.1371/journal.pone.0099670},
journal = {PLoS ONE},
number = {7},
pages = {e99670},
title = {{Labels Direct Infants' Attention to Commonalities during Novel Category Learning}},
volume = {9},
year = {2014}
}
@article{Lupyan2007,
author = {Lupyan, Gary and Rakison, David H and McClelland, J. L.},
doi = {10.1111/j.1467-9280.2007.02028.x},
journal = {Psychological Science},
number = {12},
pages = {1077--1083},
title = {{Language is not Just for Talking: Redundant Labels Facilitate Learning of Novel Categories}},
volume = {18},
year = {2007}
}
@article{Plunkett2008,
author = {Plunkett, Kim and Hu, Jon-Fan and Cohen, Leslie B.},
doi = {10.1016/j.cognition.2007.04.003},
journal = {Cognition},
number = {2},
pages = {665--681},
title = {{Labels can override perceptual categories in early infancy}},
url = {http://linkinghub.elsevier.com/retrieve/pii/S0010027707001084},
volume = {106},
year = {2008}
}
@article{Lupyan2010,
author = {Lupyan, Gary and Spivey, Michael J.},
doi = {10.1371/journal.pone.0011452},
journal = {PLoS ONE},
number = {7},
pages = {e11452},
title = {{Making the Invisible Visible: Verbal but Not Visual Cues Enhance Visual Detection}},
volume = {5},
year = {2010}
}
@article{Edmiston2015,
author = {Edmiston, Pierce and Lupyan, Gary},
doi = {10.1016/j.cognition.2015.06.008},
journal = {Cognition},
pages = {93--100},
pmid = {26117488},
title = {{What makes words special? Words as unmotivated cues}},
volume = {143},
year = {2015}
}
@article{Lupyan2017,
author = {Lupyan, Gary},
doi = {10.1080/17470218.2015.1130730},
journal = {The Quarterly Journal of Experimental Psychology},
number = {3},
pages = {389--412},
title = {{The paradox of the universal triangle: Concepts, language, and prototypes}},
volume = {70},
year = {2017}
}
@article{Armstrong1983,
author = {Armstrong, Sharon Lee and Gleitman, Lila R. and Gleitman, Henry},
doi = {10.1016/0010-0277(83)90012-4},
journal = {Cognition},
number = {3},
pages = {263--308},
title = {{What some concepts might not be}},
volume = {13},
year = {1983}
}
@article{Lupyan2013a,
author = {Lupyan, Gary},
doi = {10.1016/j.cognition.2013.08.015},
journal = {Cognition},
number = {3},
pages = {615--636},
title = {{The difficulties of executing simple algorithms: Why brains make mistakes computers don't}},
volume = {129},
year = {2013}
}
@article{Smith2002,
author = {Smith, Linda B and Jones, Susan S and Landau, Barbara and Gershkoff-Stowe, Lisa and Samuelson, Larissa},
doi = {10.1111/1467-9280.00403},
journal = {Psychological Science},
number = {1},
pages = {13--19},
title = {{Object Name Learning Provides On-the-Job Training for Attention}},
volume = {13},
year = {2002}
}
@article{Yoshida2005,
author = {Yoshida, Hanako and Smith, Linda B},
doi = {10.1111/j.0956-7976.2005.00787.x},
journal = {Psychological Science},
number = {2},
pages = {90--95},
title = {{Linguistic Cues Enhance the Learning of Perceptual Cues}},
volume = {16},
year = {2005}
}
@incollection{Engle2004,
address = {New York},
author = {Engle, Randall W. and Kane, M.J.},
booktitle = {The Psychology of Learning and Motivation: Advances in Research and Theory},
chapter = {1},
editor = {Ross, B H},
pages = {145--199},
publisher = {Elseview Science},
title = {{Executive Attention, Working Memory Capacity, and a Two-Factor Theory of Cognitive Control}},
year = {2004}
}
@article{Figueras2008,
author = {Figueras, Berta and Edwards, Lindsey and Langdon, Dawn},
doi = {10.1093/deafed/enm067},
journal = {Journal of Deaf Studies and Deaf Education},
number = {3},
pages = {362--377},
pmid = {18252699},
title = {{Executive Function and Language in Deaf Children}},
volume = {13},
year = {2008}
}
@article{Berninger2017,
author = {Berninger, Virginia and Abbott, Robert and Cook, Clayton R. and Nagy, William},
doi = {10.1177/0022219415617167},
journal = {Journal of Learning Disabilities},
number = {4},
pages = {434--449},
title = {{Relationships of Attention and Executive Functions to Oral Language, Reading, and Writing Skills and Systems in Middle Childhood and Early Adolescence}},
volume = {50},
year = {2017}
}
@article{Im-Bolter2006,
author = {Im-Bolter, Nancie and Johnson, Janice and Pascual-Leone, Juan},
doi = {10.1111/j.1467-8624.2006.00976.x},
journal = {Child Development},
number = {6},
pages = {1822--1841},
title = {{Processing Limitations in Children With Specific Language Impairment: The Role of Executive Function}},
volume = {77},
year = {2006}
}
@article{Gooch2016,
author = {Gooch, Debbie and Thompson, Paul and Nash, Hannah M. and Snowling, Margaret J. and Hulme, Charles},
doi = {10.1111/jcpp.12458},
journal = {Journal of Child Psychology and Psychiatry},
number = {2},
pages = {180--187},
title = {{The development of executive function and language skills in the early school years}},
volume = {57},
year = {2016}
}
@article{Kuhn2014,
author = {Kuhn, Laura J. and Willoughby, Michael T. and Wilbourn, Makeba Parramore and Vernon-Feagans, Lynne and Blair, Clancy B.},
doi = {10.1111/cdev.12249},
journal = {Child Development},
number = {5},
pages = {1898--1914},
title = {{Early Communicative Gestures Prospectively Predict Language Development and Executive Function in Early Childhood}},
volume = {196},
year = {2014}
}
@article{Baddeley2001,
author = {Baddeley, Alan and Chincotta, Dino and Adlam, Anna},
doi = {10.1037//0096-3445.130.4.641},
journal = {Journal of Experimental Psychology: General},
number = {4},
pages = {641--657},
title = {{Working memory and the control of action: Evidence from task switching.}},
volume = {130},
year = {2001}
}
@article{Emerson2003,
author = {Emerson, Michael J. and Miyake, Akira},
doi = {10.1016/S0749-596X(02)00511-9},
journal = {Journal of Memory and Language},
number = {1},
pages = {148--168},
title = {{The role of inner speech in task switching: A dual-task investigation}},
volume = {48},
year = {2003}
}
@article{Cragg2010,
author = {Cragg, Lucy and Nation, Kate},
doi = {10.1111/j.1756-8765.2009.01080.x},
journal = {Topics in Cognitive Science},
number = {4},
pages = {631--642},
title = {{Language and the Development of Cognitive Control}},
volume = {2},
year = {2010}
}
@article{Fatzer2012,
author = {Fatzer, Simone Tabea and Roebers, Claudia Maria},
doi = {10.1080/15248372.2011.608322},
journal = {Journal of Cognition and Development},
number = {4},
pages = {454--472},
title = {{Language and Executive Functions: The Effect of Articulatory Suppression on Executive Functioning in Children}},
volume = {13},
year = {2012}
}
@article{Barnhart2018,
author = {Barnhart, Wesley R. and Rivera, Samuel and Robinson, Christopher W.},
doi = {10.3389/fpsyg.2018.00358},
journal = {Frontiers in Psychology},
pages = {1--11},
title = {{Effects of Linguistic Labels on Visual Attention in Children and Young Adults}},
volume = {9},
year = {2018}
}
@article{Rabi2014,
author = {Rabi, Rahel and Minda, John Paul},
doi = {10.1371/journal.pone.0085316},
journal = {PLoS ONE},
number = {1},
pages = {e85316},
title = {{Rule-Based Category Learning in Children: The Role of Age and Executive Functioning}},
volume = {9},
year = {2014}
}
@article{Reetzke2016,
author = {Reetzke, Rachel and Maddox, W. Todd and Chandrasekaran, Bharath},
doi = {10.1016/j.jecp.2015.09.018},
journal = {Journal of Experimental Child Psychology},
number = {3},
pages = {48--65},
title = {{The role of age and executive function in auditory category learning}},
volume = {142},
year = {2016}
}
@Manual{fBasics,
  title = {fBasics: Rmetrics - Markets and Basic Statistics},
  author = {Diethelm Wuertz and Tobias Setz and Yohan Chalabi},
  year = {2017},
  note = {R package version 3042.89},
  url = {https://CRAN.R-project.org/package=fBasics}
}
@Manual{caret,
  title = {caret: Classification and Regression Training},
  author = {Max Kuhn},
  year = {2017},
  note = {R package version 6.0-76},
  url = {https://CRAN.R-project.org/package=caret},
}

@article{Nazzi2001,
author = {Nazzi, Thierry and Gopnik, Alison},
doi = {10.1016/S0010-0277(01)00112-3},
journal = {Cognition},
number = {3},
pages = {B11--B20},
title = {{Linguistic and cognitive abilities in infancy: when does language become a tool for categorization?}},
volume = {80},
year = {2001}
}
@article{Jaswal2007,
author = {Jaswal, Vikram K.},
doi = {10.1111/j.1532-7078.2007.tb00239.x},
journal = {Infancy},
number = {2},
pages = {169--187},
title = {{The Effect of Vocabulary Size on Toddlers' Receptiveness to Unexpected Testimony About Category Membership}},
volume = {12},
year = {2007}
}
@article{Ferguson2015,
author = {Ferguson, Brock and Havy, M{\'{e}}lanie and Waxman, Sandra R.},
doi = {10.3389/fpsyg.2015.01319},
journal = {Frontiers in Psychology},
pages = {1--6},
title = {{The precision of 12-month-old infants' link between language and categorization predicts vocabulary size at 12 and 18 months}},
volume = {6},
year = {2015}
}
@article{Ryherd2019,
author = {Ryherd, Kayleigh and Landi, Nicole},
doi = {10.1080/10888438.2019.1566908},
journal = {Scientific Studies of Reading},
title = {{Category Learning in Poor Comprehenders}},
year = {2019}
}
@article{Miyake2000,
author = {Miyake, Akira and Friedman, Naomi P. and Emerson, Michael J. and Witzki, Alexander H. and Howerter, Amy and Wager, Tor D.},
doi = {10.1006/cogp.1999.0734},
journal = {Cognitive Psychology},
number = {1},
pages = {49--100},
title = {{The Unity and Diversity of Executive Functions and Their Contributions to Complex “Frontal Lobe” Tasks: A Latent Variable Analysis}},
volume = {41},
year = {2000}
}
@article{Karr2018,
author = {Karr, Justin E and Areshenkoff, Corson N and Rast, Philippe and Hofer, Scott M and Iverson, Grant L and Garcia-Barrera, Mauricio A.},
doi = {10.1037/bul0000160},
journal = {Psychological Bulletin},
number = {11},
pages = {1147--1185},
title = {{The unity and diversity of executive functions: A systematic review and re-analysis of latent variable studies.}},
volume = {144},
year = {2018}
}
@article{Gough1986a,
author = {Gough, P. B. and Tunmer, W. E.},
doi = {10.1177/074193258600700104},
journal = {Remedial and Special Education},
number = {1},
pages = {6--10},
title = {{Decoding, Reading, and Reading Disability}},
volume = {7},
year = {1986}
}
@article{Botella2002,
author = {Botella, G J and Joula, J F and {Barriopedro Romo}, M I},
journal = {Psicol{\'{o}}gica: Revista de metodolog{\'{i}}a y psicolog{\'{i}}a experimental},
number = {2},
pages = {371--400},
title = {{Temporal interactions between target and distractor proccesing: Positive and negative priming effects}},
volume = {23},
year = {2002}
}

















